@article{sommerville2011software,
  title={Software engineering (ed.)},
  author={Sommerville, Ian},
  journal={America: Pearson Education Inc},
  year={2011}
}

@book{pressman2014software,
  title={Software Engineering: A Practitioner's Approach},
  author={Pressman, R.S. and Bruce R. Maxim, D.},
  isbn={9780078022128},
  lccn={2013035493},
  url={https://books.google.com.br/books?id=i8NmnAEACAAJ},
  year={2014},
  publisher={McGraw-Hill Education}
}

@article{silva2023inteligencia,
  title={Intelig{\^e}ncia Artificial no Processo de Aprendizagem: softwares usados para complementar o conhecimento e auxiliar a rotina de estudos},
  author={Silva, Alanda Cristiely Barbosa and others},
  year={2023},
  publisher={Insitituto Federal de Educa{\c{c}}{\~a}o, Ci{\^e}ncia e Tecnologia de Goi{\'a}s}
}

@article{shemshack2020systematic,
  title={A systematic literature review of personalized learning terms},
  author={Shemshack, Atikah and Spector, Jonathan Michael},
  journal={Smart Learning Environments},
  volume={7},
  number={1},
  pages={33},
  year={2020},
  publisher={Springer}
}